@inproceedings{murray2010distributed,
  title={Distributed Markov chain Monte Carlo},
  author={Murray, Lawrence},
  booktitle={Proceedings of Neural Information Processing Systems workshop on learning on cores, clusters and clouds},
  volume={11},
  year={2010},
  url="http://lccc.eecs.berkeley.edu/Papers/dmcmc_short.pdf"
}
